%YAML 1.1
%TAG !u! tag:unity3d.com,2011:
--- !u!1 &3256212285637478115
GameObject:
  m_ObjectHideFlags: 0
  m_CorrespondingSourceObject: {fileID: 0}
  m_PrefabInstance: {fileID: 0}
  m_PrefabAsset: {fileID: 0}
  serializedVersion: 6
  m_Component:
  - component: {fileID: 248696606325127992}
  m_Layer: 0
  m_Name: LeftHandIKTarget
  m_TagString: Untagged
  m_Icon: {fileID: 0}
  m_NavMeshLayer: 0
  m_StaticEditorFlags: 0
  m_IsActive: 1
--- !u!4 &248696606325127992
Transform:
  m_ObjectHideFlags: 0
  m_CorrespondingSourceObject: {fileID: 0}
  m_PrefabInstance: {fileID: 0}
  m_PrefabAsset: {fileID: 0}
  m_GameObject: {fileID: 3256212285637478115}
  m_LocalRotation: {x: 0.69666564, y: 0.67555225, z: -0.11831175, w: 0.21044868}
  m_LocalPosition: {x: -0.356, y: -0.6619, z: -0.0037}
  m_LocalScale: {x: 1, y: 1, z: 1}
  m_Children: []
  m_Father: {fileID: 3635614465251072331}
  m_RootOrder: 1
  m_LocalEulerAnglesHint: {x: 26.941002, y: 172.29701, z: 89.915}
--- !u!1 &3324516286646970619
GameObject:
  m_ObjectHideFlags: 0
  m_CorrespondingSourceObject: {fileID: 0}
  m_PrefabInstance: {fileID: 0}
  m_PrefabAsset: {fileID: 0}
  serializedVersion: 6
  m_Component:
  - component: {fileID: 3324516286646970616}
  m_Layer: 0
  m_Name: RightHandIKTarget
  m_TagString: Untagged
  m_Icon: {fileID: 0}
  m_NavMeshLayer: 0
  m_StaticEditorFlags: 0
  m_IsActive: 1
--- !u!4 &3324516286646970616
Transform:
  m_ObjectHideFlags: 0
  m_CorrespondingSourceObject: {fileID: 0}
  m_PrefabInstance: {fileID: 0}
  m_PrefabAsset: {fileID: 0}
  m_GameObject: {fileID: 3324516286646970619}
  m_LocalRotation: {x: -0.037654594, y: -0.6989234, z: -0.7137081, w: -0.026625896}
  m_LocalPosition: {x: -0.01024, y: -0.0076, z: -0.00232}
  m_LocalScale: {x: 1, y: 1, z: 1}
  m_Children: []
  m_Father: {fileID: 3324516285325435929}
  m_RootOrder: 0
  m_LocalEulerAnglesHint: {x: -84.65401, y: 77.494, z: -256.6}
--- !u!1 &8428593931415206911
GameObject:
  m_ObjectHideFlags: 0
  m_CorrespondingSourceObject: {fileID: 0}
  m_PrefabInstance: {fileID: 0}
  m_PrefabAsset: {fileID: 0}
  serializedVersion: 6
  m_Component:
  - component: {fileID: 3635614465251072331}
  - component: {fileID: 3418506812813966649}
  - component: {fileID: 2800154594386780477}
  - component: {fileID: 1126915364586193338}
  m_Layer: 0
  m_Name: Pickaxe
  m_TagString: Untagged
  m_Icon: {fileID: 0}
  m_NavMeshLayer: 0
  m_StaticEditorFlags: 0
  m_IsActive: 1
--- !u!4 &3635614465251072331
Transform:
  m_ObjectHideFlags: 0
  m_CorrespondingSourceObject: {fileID: 0}
  m_PrefabInstance: {fileID: 0}
  m_PrefabAsset: {fileID: 0}
  m_GameObject: {fileID: 8428593931415206911}
  m_LocalRotation: {x: 0, y: 0, z: 0, w: 1}
  m_LocalPosition: {x: 0, y: 0, z: 0}
  m_LocalScale: {x: 1, y: 1, z: 1}
  m_Children:
  - {fileID: 3324516285325435929}
  - {fileID: 248696606325127992}
  m_Father: {fileID: 0}
  m_RootOrder: 0
  m_LocalEulerAnglesHint: {x: 0, y: 0, z: 0}
--- !u!114 &3418506812813966649
MonoBehaviour:
  m_ObjectHideFlags: 0
  m_CorrespondingSourceObject: {fileID: 0}
  m_PrefabInstance: {fileID: 0}
  m_PrefabAsset: {fileID: 0}
  m_GameObject: {fileID: 8428593931415206911}
  m_Enabled: 1
  m_EditorHideFlags: 0
  m_Script: {fileID: 11500000, guid: b87f31dd8e9fef24692ea2b6e5c5cad5, type: 3}
  m_Name: 
  m_EditorClassIdentifier: 
  leftHandIK: {fileID: 248696606325127992}
  rightHandIK: {fileID: 3324516286646970616}
--- !u!95 &2800154594386780477
Animator:
  serializedVersion: 3
  m_ObjectHideFlags: 0
  m_CorrespondingSourceObject: {fileID: 0}
  m_PrefabInstance: {fileID: 0}
  m_PrefabAsset: {fileID: 0}
  m_GameObject: {fileID: 8428593931415206911}
  m_Enabled: 1
  m_Avatar: {fileID: 0}
  m_Controller: {fileID: 9100000, guid: 8c65467136fba5a4d9f09c321ba3260d, type: 2}
  m_CullingMode: 0
  m_UpdateMode: 0
  m_ApplyRootMotion: 0
  m_LinearVelocityBlending: 0
  m_WarningMessage: 
  m_HasTransformHierarchy: 1
  m_AllowConstantClipSamplingOptimization: 1
  m_KeepAnimatorControllerStateOnDisable: 0
--- !u!114 &1126915364586193338
MonoBehaviour:
  m_ObjectHideFlags: 0
  m_CorrespondingSourceObject: {fileID: 0}
  m_PrefabInstance: {fileID: 0}
  m_PrefabAsset: {fileID: 0}
  m_GameObject: {fileID: 8428593931415206911}
  m_Enabled: 1
  m_EditorHideFlags: 0
  m_Script: {fileID: 11500000, guid: b69bd0e977fdee445ba6f7f650873063, type: 3}
  m_Name: 
  m_EditorClassIdentifier: 
  m_attackMaxCoolDown: 1.25
--- !u!1001 &3324516285325573785
PrefabInstance:
  m_ObjectHideFlags: 0
  serializedVersion: 2
  m_Modification:
    m_TransformParent: {fileID: 3635614465251072331}
    m_Modifications:
    - target: {fileID: 100000, guid: 5e2fa5273ce5e9e49a71d341489538dc, type: 3}
      propertyPath: m_Name
      value: cf_pickaxe2
      objectReference: {fileID: 0}
    - target: {fileID: 400000, guid: 5e2fa5273ce5e9e49a71d341489538dc, type: 3}
      propertyPath: m_LocalPosition.x
      value: 0.254
      objectReference: {fileID: 0}
    - target: {fileID: 400000, guid: 5e2fa5273ce5e9e49a71d341489538dc, type: 3}
      propertyPath: m_LocalPosition.y
      value: -0.09699994
      objectReference: {fileID: 0}
    - target: {fileID: 400000, guid: 5e2fa5273ce5e9e49a71d341489538dc, type: 3}
      propertyPath: m_LocalPosition.z
      value: 0.56299996
      objectReference: {fileID: 0}
    - target: {fileID: 400000, guid: 5e2fa5273ce5e9e49a71d341489538dc, type: 3}
      propertyPath: m_LocalRotation.x
      value: -0.044966128
      objectReference: {fileID: 0}
    - target: {fileID: 400000, guid: 5e2fa5273ce5e9e49a71d341489538dc, type: 3}
      propertyPath: m_LocalRotation.y
      value: -0.70567566
      objectReference: {fileID: 0}
    - target: {fileID: 400000, guid: 5e2fa5273ce5e9e49a71d341489538dc, type: 3}
      propertyPath: m_LocalRotation.z
      value: -0.04496624
      objectReference: {fileID: 0}
    - target: {fileID: 400000, guid: 5e2fa5273ce5e9e49a71d341489538dc, type: 3}
      propertyPath: m_LocalRotation.w
      value: 0.70567554
      objectReference: {fileID: 0}
    - target: {fileID: 400000, guid: 5e2fa5273ce5e9e49a71d341489538dc, type: 3}
      propertyPath: m_RootOrder
      value: 0
      objectReference: {fileID: 0}
    - target: {fileID: 400000, guid: 5e2fa5273ce5e9e49a71d341489538dc, type: 3}
      propertyPath: m_LocalEulerAnglesHint.x
      value: -7.2920003
      objectReference: {fileID: 0}
    - target: {fileID: 400000, guid: 5e2fa5273ce5e9e49a71d341489538dc, type: 3}
      propertyPath: m_LocalEulerAnglesHint.y
      value: -90.00001
      objectReference: {fileID: 0}
    - target: {fileID: 400000, guid: 5e2fa5273ce5e9e49a71d341489538dc, type: 3}
      propertyPath: m_LocalEulerAnglesHint.z
      value: 0
      objectReference: {fileID: 0}
    - target: {fileID: 400000, guid: 5e2fa5273ce5e9e49a71d341489538dc, type: 3}
      propertyPath: m_LocalScale.x
      value: 13
      objectReference: {fileID: 0}
    - target: {fileID: 400000, guid: 5e2fa5273ce5e9e49a71d341489538dc, type: 3}
      propertyPath: m_LocalScale.y
      value: 13
      objectReference: {fileID: 0}
    - target: {fileID: 400000, guid: 5e2fa5273ce5e9e49a71d341489538dc, type: 3}
      propertyPath: m_LocalScale.z
      value: 13
      objectReference: {fileID: 0}
    - target: {fileID: 2300000, guid: 5e2fa5273ce5e9e49a71d341489538dc, type: 3}
      propertyPath: m_Materials.Array.data[0]
      value: 
      objectReference: {fileID: 2100000, guid: 0ac098c9117a9d449962864614309273, type: 2}
    m_RemovedComponents: []
  m_SourcePrefab: {fileID: 100100000, guid: 5e2fa5273ce5e9e49a71d341489538dc, type: 3}
--- !u!4 &3324516285325435929 stripped
Transform:
  m_CorrespondingSourceObject: {fileID: 400000, guid: 5e2fa5273ce5e9e49a71d341489538dc,
    type: 3}
  m_PrefabInstance: {fileID: 3324516285325573785}
  m_PrefabAsset: {fileID: 0}
